@article{libMeshPaper,
         author = {B.~S.~Kirk and J.~W.~Peterson and R.~H.~Stogner and G.~F.~Carey},
         title = {{\texttt{libMesh}: A C++ Library for Parallel Adaptive Mesh
                  Refinement/Coarsening Simulations}},
         journal = {Engineering with Computers},
         volume = {22},
         number = {3--4},
         pages = {237--254},
         year = {2006},
         note = "\url{http://dx.doi.org/10.1007/s00366-006-0049-3}"
}

@article{GRINSPaper,
         author = {P.~T.~Bauman and R.~H.~Stogner},
         title = {GRINS: A Multiphysics Framework Based on the libMesh Finite Element Library},
         journal = {SIAM Journal on Scientific Computing},
         note = {in press}
}